% Encoding: UTF-8
@book{sommerville2003engenharia,
  title={Engenharia de Software. 6{\textordfeminine}},
  author={Sommerville, Ian},
  journal={Edi{\c{c}}{\~a}o. S{\~a}o Paulo: Addison Wesley},
  year={2003}
}

@book{pressman2016engenharia,
  title={Engenharia de Software-8{\textordfeminine} Edi{\c{c}}{\~a}o},
  author={Pressman, Roger and Maxim, Bruce},
  year={2016},
  publisher={McGraw Hill Brasil}
}