% Encoding: UTF-8
@article{elmasri2005sistemas,
	title={Sistemas de banco de dados},
	author={Elmasri, Ramez and Navathe, Shamkant B and Pinheiro, Mar{\'\i}lia Guimar{\~a}es and others},
	year={2005},
	publisher={Pearson Addison Wesley S{\~a}o Paulo}
}

@article{takai2005introduccao,
	title={Introdu{\c{c}}{\~a}o a banco de dados},
	author={Takai, Osvaldo Kotaro and Italiano, Isabel Cristina and Ferreira, Jo{\~a}o Eduardo},
	journal={Departamento de Ci{\^e}ncias da Computa{\c{c}}{\~a}o. Instituto de Matem{\'a}tica e Estat{\'\i}stica. Universidade de S{\~a}o Paulo. S{\~a}o Paulo},
	year={2005}
}

@online{fundamentos2005Sanches,
	title = {Disciplina: Fundamentos de Armazenamento e Manipulação de Dados},
	date = {date},
	author = {Andre Rodrigo Sanches},
	url = {https://www.ime.usp.br/~andrers/aulas/bd2005-1/aula7.html},
	note = {Acessado em: },
	date = {14},
	month = {04},
	year = {2005}
}
