% Encoding: UTF-8
@ONLINE {Stojanov2015,
  title = "A Visual Guide to CSS3 Flexbox Properties",
  author = "Dimitar Stojanov",
  month = "Abril",
  year  = "2015",
  url   = "https://scotch.io/tutorials/a-visual-guide-to-css3-flexbox-properties"
}

@ONLINE{Buytaert2018,
  title = "Redesigning a Website Using CSS Grid and Flexbox",
  author = "Dries Buytaert",
  month = "Outubro",
  year = "2018",
  url = "https://dzone.com/articles/redesigning-a-website-using-css-grid-and-flexbox"
}

@ONLINE{W3schools2019,
  title = "CSS Flexbox",
  author = "W3schools",
  year = "2019",
  url = "https://www.w3schools.com/css/css3_flexbox.asp"
}